@article{DBLP:journals/corr/HeZRS15,
  author    = {Kaiming He and
               Xiangyu Zhang and
               Shaoqing Ren and
               Jian Sun},
  title     = {Deep Residual Learning for Image Recognition},
  journal   = {CoRR},
  volume    = {abs/1512.03385},
  year      = {2015},
  url       = {http://arxiv.org/abs/1512.03385},
  archivePrefix = {arXiv},
  eprint    = {1512.03385},
  timestamp = {Wed, 17 Apr 2019 17:23:45 +0200},
  biburl    = {https://dblp.org/rec/bib/journals/corr/HeZRS15},
  bibsource = {dblp computer science bibliography, https://dblp.org}
}

@article{DBLP:journals/corr/SzegedyLJSRAEVR14,
  author    = {Christian Szegedy and
               Wei Liu and
               Yangqing Jia and
               Pierre Sermanet and
               Scott E. Reed and
               Dragomir Anguelov and
               Dumitru Erhan and
               Vincent Vanhoucke and
               Andrew Rabinovich},
  title     = {Going Deeper with Convolutions},
  journal   = {CoRR},
  volume    = {abs/1409.4842},
  year      = {2014},
  url       = {http://arxiv.org/abs/1409.4842},
  archivePrefix = {arXiv},
  eprint    = {1409.4842},
  timestamp = {Mon, 13 Aug 2018 16:48:52 +0200},
  biburl    = {https://dblp.org/rec/bib/journals/corr/SzegedyLJSRAEVR14},
  bibsource = {dblp computer science bibliography, https://dblp.org}
}

@article{DBLP:journals/corr/HuangLW16a,
  author    = {Gao Huang and
               Zhuang Liu and
               Kilian Q. Weinberger},
  title     = {Densely Connected Convolutional Networks},
  journal   = {CoRR},
  volume    = {abs/1608.06993},
  year      = {2016},
  url       = {http://arxiv.org/abs/1608.06993},
  archivePrefix = {arXiv},
  eprint    = {1608.06993},
  timestamp = {Mon, 10 Sep 2018 15:49:32 +0200},
  biburl    = {https://dblp.org/rec/bib/journals/corr/HuangLW16a},
  bibsource = {dblp computer science bibliography, https://dblp.org}
}

@article{DBLP:journals/corr/XieGDTH16,
  author    = {Saining Xie and
               Ross B. Girshick and
               Piotr Doll{\'{a}}r and
               Zhuowen Tu and
               Kaiming He},
  title     = {Aggregated Residual Transformations for Deep Neural Networks},
  journal   = {CoRR},
  volume    = {abs/1611.05431},
  year      = {2016},
  url       = {http://arxiv.org/abs/1611.05431},
  archivePrefix = {arXiv},
  eprint    = {1611.05431},
  timestamp = {Mon, 13 Aug 2018 16:45:58 +0200},
  biburl    = {https://dblp.org/rec/bib/journals/corr/XieGDTH16},
  bibsource = {dblp computer science bibliography, https://dblp.org}
}

@article{fcn,
author = {Shelhamer, Evan and Long, Jonathon and Darrell, Trevor},
year = {2016},
month = {05},
pages = {1-1},
title = {Fully Convolutional Networks for Semantic Segmentation},
volume = {39},
journal = {IEEE Transactions on Pattern Analysis and Machine Intelligence},
doi = {10.1109/TPAMI.2016.2572683}
}

@misc{coursera/sw,
author = {Coursera},
title = {Deep Learning in Computer Vision: Sliding windows},
howpublished = {\url{https://es.coursera.org/lecture/deep-learning-in-computer-vision/sliding-windows-UlbVI}}
}

@misc{selectivesearch,
author = {Learn OpenCV},
title = {Selective Search for Object Detection},
howpublished = {\url{https://www.learnopencv.com/selective-search-for-object-detection-cpp-python/}}
}

@misc{hog,
author = {Learn OpenCV},
title = {Histogram of Oriented Gradients},
howpublished = {\url{https://www.learnopencv.com/histogram-of-oriented-gradients/}}
}

@misc{objectdetection,
author = {Towards Data Science},
title = {R-CNN, Fast R-CNN, Faster R-CNN, YOLO - Object Detection Algorithms},
howpublished = {\url{https://towardsdatascience.com/r-cnn-fast-r-cnn-faster-r-cnn-yolo-object-detection-algorithms-36d53571365e}}
}

@misc{visualcortex,
author = {Medium},
title = {Biological Inspiration of Convolutional Neural Network (CNN)},
howpublished = {\url{https://medium.com/@gopalkalpande/biological-inspiration-of-convolutional-neural-network-cnn-9419668898ac}}
}

@article{DBLP:journals/corr/LeB17,
  author    = {Hung Le and
               Ali Borji},
  title     = {What are the Receptive, Effective Receptive, and Projective Fields
               of Neurons in Convolutional Neural Networks?},
  journal   = {CoRR},
  volume    = {abs/1705.07049},
  year      = {2017},
  url       = {http://arxiv.org/abs/1705.07049},
  archivePrefix = {arXiv},
  eprint    = {1705.07049},
  timestamp = {Mon, 13 Aug 2018 16:48:08 +0200},
  biburl    = {https://dblp.org/rec/bib/journals/corr/LeB17},
  bibsource = {dblp computer science bibliography, https://dblp.org}
}
