@article{DBLP:journals/corr/KeskarMNST16,
  author    = {Nitish Shirish Keskar and
               Dheevatsa Mudigere and
               Jorge Nocedal and
               Mikhail Smelyanskiy and
               Ping Tak Peter Tang},
  title     = {On Large-Batch Training for Deep Learning: Generalization Gap and
               Sharp Minima},
  journal   = {CoRR},
  volume    = {abs/1609.04836},
  year      = {2016},
  url       = {http://arxiv.org/abs/1609.04836},
  archivePrefix = {arXiv},
  eprint    = {1609.04836},
  timestamp = {Mon, 13 Aug 2018 16:46:48 +0200},
  biburl    = {https://dblp.org/rec/bib/journals/corr/KeskarMNST16},
  bibsource = {dblp computer science bibliography, https://dblp.org}
}

@article{inproceedings,
	author = {Park, Sungheon and Kwak, Nojun},
	year = {2017},
	month = {03},
	pages = {189-204},
	title = {Analysis on the Dropout Effect in Convolutional Neural Networks},
	doi = {10.1007/978-3-319-54184-6_12}
}

@misc{keras/preprocess,
	author = {Keras},
  title = {Image Preprocessing},
  howpublished = {\url{https://keras.io/preprocessing/image/}}
}
