@INPROCEEDINGS{patches,
author={M. {Brown} and R. {Szeliski} and S. {Winder}},
booktitle={2005 IEEE Computer Society Conference on Computer Vision and Pattern Recognition (CVPR'05)},
title={Multi-image matching using multi-scale oriented patches},
year={2005},
volume={1},
number={},
pages={510-517 vol. 1},
keywords={image matching;feature extraction;Haar transforms;wavelet transforms;multiimage matching;multiscale oriented patches;multiview matching framework;discrete scale-space;blurred local gradient;adaptive nonmaximal suppression;spatial distribution;nearest neighbour algorithm;low frequency Haar wavelet coefficient;Wavelet coefficients;Indexing;Phase detection;Detectors;Computer vision;Computer science;Programmable control;Adaptive control;Frequency;Automatic testing},
doi={10.1109/CVPR.2005.235},
ISSN={1063-6919},
month={June},}

@article{lowe,
author = {Lowe, David},
year = {2004},
month = {11},
pages = {91-},
title = {Distinctive Image Features from Scale-Invariant Keypoints},
volume = {60},
journal = {International Journal of Computer Vision},
doi = {10.1023/B:VISI.0000029664.99615.94}
}
